@misc{ssap,
       author = "Tody, D. and Dolensky, M. and McDowell, J. and Bonnarel, F. and Budavari, T. and Busko, I. and Micol, A. and Osuna, P. and Salgado, J. and Skoda, P. and Thompson, R. and Valdes, F.",
       title = "Simple {S}pectral {A}ccess {P}rotocol {V}ersion 1.1 {IVOA} {R}ecommendation",
       year = "2012",
       howpublished="\url{http://www.ivoa.net/documents/SSA/20120210/REC-SSA-1.1-20120210.pdf}" };
@misc{slap,
       author = "Salgado, J. and Osuna, P. and Guainazzi, M. and Barbarisi, I. and Dubernet, M. and Tody, D.",
       title = "Simple {L}ine  {A}ccess {P}rotocol {V}ersion 1.0 {IVOA} {R}ecommendation",
       year = "2010",
       howpublished="\url{http://www.ivoa.net/documents/SLAP/20101209/REC-SLAP-1.0-20101209.pdf}" 
};
@misc{adql,
      author = "Ortiz, I. and Lusted, J. and Dowler, P. and Szalay, A. and Shirasaki, Y. and  Nieto-Santisteban, M. and  Ohishi, M. and O'Mullane, W. and Osuna,P. and  the VOQL-TEG and the VOQL Working Group",
       title = "{IVOA} {A}stronomical {D}ata {Q}uery {L}anguage {V}ersion 2.0 {IVOA} {R}ecommendation",
       year = "2008",
       howpublished="\url{http://www.ivoa.net/documents/REC/ADQL/ADQL-20081030.pdf}" 
};
@misc{datalink,
      author = "Dowler, P. and  Bonnarel, F. and Michel, L. and Donaldson, T. and  Languignon, D. and  DemLeitner, M.",
       title = "Data{L}ink {V}ersion 1.0 {IVOA} {W}orking {D}raft",
       year = "2014",
       howpublished="\url{http://www.ivoa.net/documents/DataLink/20140228/WD-DataLink-1.0-20140228.pdf}" 
};
@misc{obstap,
      author = "Louys, M. and Bonnarel, F. and Schade, D. and Dowler, P. and Micol, A. and Durand, D. and Tody, D. and Michel, L. and Salgado, J. and Chilingarian, I. and Rino, B. and de Dios Santander, J. and Skoda, P.",
       title = "Observation {D}ata {M}odel {C}ore {C}omponents and its {I}mplementation in the {T}able {A}ccess {P}rotocol {V}ersion 1.0 {IVOA} {R}ecommendation",
       year = "2011",
       howpublished="\url{http://www.ivoa.net/documents/ObsCore/20111028/REC-ObsCore-v1.0-20111028.pdf}" 
};
@misc{vounits,
      author = "Demleitner, M. and Derriere, S. and Gray, N. and Louys, M. and Ochsenbein, F.",
       title = "Units in the {VO} {Version} 1.0 {IVOA {P}roposed {R}ecommendation}",
       year = "2014",
       howpublished="\url{http://www.ivoa.net/documents/VOUnits/20140226/PR-VOUnits-1.0-20140226.pdf}" 
};
@inproceedings{ dachs,
      author = "Demleitner, M.",
       title = "The {D}a{CHS} multi-protocol {VO} server",
       booktitle = "Astronomical {S}ociety of the {P}acific Conference Series, in print." ,
       year = "2013"
};
@misc{,
      author = "",
       title = " {IVOA} {R}ecommendation",
       year = "",
       howpublished="\url{}" 
};

Starlink:
---------

@ARTICLE{1982QJRAS..23..485D,
   author =       {{Disney}, M.~J. and {Wallace}, P.~T.},
   title =        "{STARLINK}",
   journal =      {\qjras},
   year =         1982,
   month =        dec,
   volume =       23,
   pages =        485,
   adsurl =       {http://adsabs.harvard.edu/abs/1982QJRAS..23..485D},
   adsnote =      {Provided by the SAO/NASA Astrophysics Data System}
}

GAIA:
-----

@INPROCEEDINGS{2009ASPC..411..575D,
   author =       {{Draper}, P.~W. and {Berry}, D.~S. and {Jenness},
                   T. and {Economou}, F.  },
   title =        "{GAIA -- Version 4}",
   booktitle =    {Astronomical Data Analysis Software and Systems
                   XVIII},
   year =         2009,
   series =       {\aspconf},
   volume =       411,
   editor =       {{Bohlender}, D.~A. and {Durand}, D. and {Dowler},
                   P.},
   month =        sep,
   pages =        575,
   adsurl =       {http://adsabs.harvard.edu/abs/2009ASPC..411..575D},
   adsnote =      {Provided by the SAO/NASA Astrophysics Data System}
}

also reference the ascl at:

    http://www.ascl.net/1403.024

That hasn't made it into ADS yet.

TOPCAT:
-------

@INPROCEEDINGS{2005ASPC..347...29T,
    author = {{Taylor}, M.~B.},
     title = "{TOPCAT {\amp} STIL: Starlink Table/VOTable Processing 
Software}",
booktitle = {Astronomical Data Analysis Software and Systems XIV},
      year = 2005,
    series = {Astronomical Society of the Pacific Conference Series},
    volume = 347,
    editor = {{Shopbell}, P. and {Britton}, M. and {Ebert}, R.},
     month = dec,
     pages = {29},
    adsurl = {http://adsabs.harvard.edu/abs/2005ASPC..347...29T},
   adsnote = {Provided by the SAO/NASA Astrophysics Data System}
}

@MISC{2011ascl.soft01010T,
    author = {{Taylor}, M.},
     title = "{TOPCAT: Tool for OPerations on Catalogues And Tables}",
      note = {Astrophysics Source Code Library},
      year = 2011,
     archivePrefix = "ascl",
    eprint = {1101.010},
     month = jan,
    adsurl = {http://adsabs.harvard.edu/abs/2011ascl.soft01010T},
   adsnote = {Provided by the SAO/NASA Astrophysics Data System}
}


STILTS:
-------

@MISC{2011ascl.soft05001T,
    author = {{Taylor}, M.},
     title = "{STILTS: Starlink Tables Infrastructure Library Tool Set}",
      note = {Astrophysics Source Code Library},
      year = 2011,
archivePrefix = "ascl",
    eprint = {1105.001},
     month = may,
    adsurl = {http://adsabs.harvard.edu/abs/2011ascl.soft05001T},
   adsnote = {Provided by the SAO/NASA Astrophysics Data System}
}


SSAP:
-----

@ARTICLE{2012arXiv1203.5725T,
    author = {{Tody}, D. and {Dolensky}, M. and {McDowell}, J. and 
{Bonnarel}, F. and
 	{Budavari}, T. and {Busko}, I. and {Micol}, A. and {Osuna}, P. and
 	{Salgado}, J. and {Skoda}, P. and {Thompson}, R. and {Valdes}, F. and
 	{the Data Access Layer working group}},
     title = "{IVOA Recommendation: Simple Spectral Access Protocol Version 1.1}",
   journal = {ArXiv e-prints},
archivePrefix = "arXiv",
    eprint = {1203.5725},
  primaryClass = "astro-ph.IM",
  keywords = {Astrophysics - Instrumentation and Methods for Astrophysics},
      year = 2012,
     month = mar,
    adsurl = {http://adsabs.harvard.edu/abs/2012arXiv1203.5725T},
   adsnote = {Provided by the SAO/NASA Astrophysics Data System}
}

AST:
---

@INPROCEEDINGS{1998ASPC..145...41W,
   author =       {{Warren-Smith}, R.~F. and {Berry}, D.~S.},
   title =        "{World Coordinate Systems as Objects}",
   booktitle =    {Astronomical Data Analysis Software and Systems VII},
   year =         1998,
   series =       {\aspconf},
   volume =       145,
   editor =       {{Albrecht}, R. and {Hook}, R.~N. and {Bushouse},
                   H.~A.},
   pages =        41,
   adsurl =       {http://adsabs.harvard.edu/abs/1998ASPC..145...41W},
   adsnote =      {Provided by the SAO/NASA Astrophysics Data System}
}

In addition to Tim's SPLAT references we also have the SPLAT ascl's:

@MISC{2014ascl.soft02007D,
    author = {{Draper}, P.~W.},
     title = "{SPLAT: Spectral Analysis Tool}",
      note = {Astrophysics Source Code Library},
      year = 2014,
archivePrefix = "ascl",
    eprint = {1402.007},
     month = feb,
    adsurl = {http://adsabs.harvard.edu/abs/2014ascl.soft02007D},
   adsnote = {Provided by the SAO/NASA Astrophysics Data System}
}


@MISC{2014ascl.soft02008C,
    author = {{Castro-Neves}, M. and {Draper}, P.~W.},
     title = "{SPLAT-VO: Spectral Analysis Tool for the Virtual 
Observatory}",
      note = {Astrophysics Source Code Library},
      year = 2014,
archivePrefix = "ascl",
    eprint = {1402.008},
     month = feb,
    adsurl = {http://adsabs.harvard.edu/abs/2014ascl.soft02008C},
   adsnote = {Provided by the SAO/NASA Astrophysics Data System}
}

@INPROCEEDINGS{2002ASPC..281..513B,
   author = {{Bly}, M.~J. and {Chipperfield}, A.~J. and {Giaretta}, D.~L. and
	{Graffagnino}, V.~G. and {McIlwrath}, B.~K. and {Platon}, R.~T. and
	{Wallace}, P.~T. and {Allan}, A. and {Berry}, D.~S. and {Davenhall}, C. and
	{Draper}, P.~W. and {Gray}, N. and {Jenness}, T. and {Taylor}, M.~B.
	},
    title = "{Starlink Software Developments}",
 keywords = {reduction: data, Starlink, ORAC, pipelines, virtual observatory},
booktitle = {Astronomical Data Analysis Software and Systems XI},
     year = 2002,
   series = {Astronomical Society of the Pacific Conference Series},
   volume = 281,
   editor = {{Bohlender}, D.~A. and {Durand}, D. and {Handley}, T.~H.},
    pages = {513},
   adsurl = {http://adsabs.harvard.edu/abs/2002ASPC..281..513B},
  adsnote = {Provided by the SAO/NASA Astrophysics Data System}
}

SPLAT-VO is announced here:

@INPROCEEDINGS{2005ASPC..347...22D,
   author = {{Draper}, P.~W. and {Allan}, A. and {Berry}, D.~S. and
{Currie}, M.~J. and
	{Giaretta}, D. and {Rankin}, S. and {Gray}, N. and {Taylor}, M.~B.
	},
    title = "{Starlink Software Developments}",
booktitle = {Astronomical Data Analysis Software and Systems XIV},
     year = 2005,
   series = {Astronomical Society of the Pacific Conference Series},
   volume = 347,
   editor = {{Shopbell}, P. and {Britton}, M. and {Ebert}, R.},
    month = dec,
    pages = {22},
   adsurl = {http://adsabs.harvard.edu/abs/2005ASPC..347...22D},
  adsnote = {Provided by the SAO/NASA Astrophysics Data System}
}

Addition of PLASTIC aka SAMP:

@INPROCEEDINGS{2008ASPC..394..650C,
   author = {{Currie}, M.~J. and {Draper}, P.~W. and {Berry}, D.~S.
and {Jenness}, T. and
	{Cavanagh}, B. and {Economou}, F.},
    title = "{Starlink Software Developments}",
booktitle = {Astronomical Data Analysis Software and Systems XVII},
     year = 2008,
   series = {Astronomical Society of the Pacific Conference Series},
   volume = 394,
   editor = {{Argyle}, R.~W. and {Bunclark}, P.~S. and {Lewis}, J.~R.},
    month = aug,
    pages = {650},
   adsurl = {http://adsabs.harvard.edu/abs/2008ASPC..394..650C},
  adsnote = {Provided by the SAO/NASA Astrophysics Data System}
}


